@inproceedings{smileyometer,
 author = {Read, Janet C. and MacFarlane, Stuart},
 title = {Using the Fun Toolkit and Other Survey Methods to Gather Opinions in Child Computer Interaction},
 booktitle = {Proceedings of the 2006 Conference on Interaction Design and Children},
 series = {IDC '06},
 year = {2006},
 location = {Tampere, Finland},
 pages = {81--88},
 numpages = {8},
 url = {http://doi.acm.org/10.1145/1139073.1139096},
 doi = {10.1145/1139073.1139096},
 acmid = {1139096},
 publisher = {ACM},
 address = {New York, NY, USA},
 keywords = {children, evaluation, fun toolkit, interviews, questionnaires, survey methods},
} 

@INPROCEEDINGS{geotagger, 
author={J. A. Fails and K. Herbert and E. Hill and A. De Stefano and B. Hesse and P. Cushman and T. Gant and S. Shah and A. Abreu-Cruz and N. Panchariya and V. Nimbagal}, 
booktitle={2015 International Conference on Collaboration Technologies and Systems (CTS)}, 
title={Geotagger: A collaborative environmental inquiry platform}, 
year={2015}, 
volume={}, 
number={}, 
pages={383-390}, 
keywords={geographic information systems;mobile computing;query processing;social networking (online);collaborative environmental inquiry platform;children;adults;technology affinity;natural world observation;Geotagger platform;initial feedback sharing;mobile platform;Collaboration;Androids;Humanoid robots;Mobile communication;Big data;Prototypes;Crowdsourcing;mobile;cross-platform;collaboration;exploring;sustainabiltiy;environment;ecology;science}, 
doi={10.1109/CTS.2015.7210453}, 
ISSN={}, 
month={June},}

@Article{hug,
author="Soute, Iris
and Markopoulos, Panos
and Magielse, Remco",
title="Head Up Games: combining the best of both worlds by merging traditional and digital play",
journal="Personal and Ubiquitous Computing",
year="2010",
month="Jul",
day="01",
volume="14",
number="5",
pages="435--444",
issn="1617-4917",
doi="10.1007/s00779-009-0265-0",
url="https://doi.org/10.1007/s00779-009-0265-0"
}

@article{Soute:2017:DER:3132166.3105704,
 author = {Soute, Iris and Vacaretu, Tudor and Wit, Jan De and Markopoulos, Panos},
 title = {Design and Evaluation of RaPIDO, A Platform for Rapid Prototyping of Interactive Outdoor Games},
 journal = {ACM Trans. Comput.-Hum. Interact.},
 issue_date = {September 2017},
 volume = {24},
 number = {4},
 month = aug,
 year = {2017},
 issn = {1073-0516},
 pages = {28:1--28:30},
 articleno = {28},
 numpages = {30},
 url = {http://doi.acm.org/10.1145/3105704},
 doi = {10.1145/3105704},
 acmid = {3105704},
 publisher = {ACM},
 address = {New York, NY, USA},
 keywords = {Child-computer interaction, iterative prototyping, outdoor play},
} 

@inproceedings{abbot,
author = {Delprino, Federica and Pi, Chiara and Tommasi, Giovanni and Gelsomini, Mirko and Izzo, NiccolÃ² and Matera, Maristella},
year = {2018},
month = {05},
pages = {1-9},
title = {ABBOT: a smart toy motivating children to become outdoor explorers},
doi = {10.1145/3206505.3206512}
}

@inproceedings{leafsnap,
author = {Kumar, Neeraj and Belhumeur, Peter and Biswas, Arijit and W. Jacobs, David and John Kress, W and C. Lopez, Ida and V. B. Soares, JoÃ£o},
year = {2012},
month = {10},
pages = {502-516},
title = {Leafsnap: A Computer Vision System for Automatic Plant Species Identification},
volume = {7573},
journal = {Computer Vision - ECCV 2012},
doi = {10.1007/978-3-642-33709-3_36}
}

@inproceedings{camelot,
 author = {Verhaegh, Janneke and Soute, Iris and Kessels, Angelique and Markopoulos, Panos},
 title = {On the Design of Camelot, an Outdoor Game for Children},
 booktitle = {Proceedings of the 2006 Conference on Interaction Design and Children},
 series = {IDC '06},
 year = {2006},
 location = {Tampere, Finland},
 pages = {9--16},
 numpages = {8},
 url = {http://doi.acm.org/10.1145/1139073.1139082},
 doi = {10.1145/1139073.1139082},
 acmid = {1139082},
 publisher = {ACM},
 address = {New York, NY, USA},
 keywords = {children, pervasive gaming, social gaming},
}

@inproceedings{savethesafe,
 author = {Hendrix, Koen and Yang, Guo and van de Mortel, Dirk and Tijs, Tim and Markopoulos, Panos},
 title = {Designing a Head-up Game for Children},
 booktitle = {Proceedings of the 22Nd British HCI Group Annual Conference on People and Computers: Culture, Creativity, Interaction - Volume 1},
 series = {BCS-HCI '08},
 year = {2008},
 isbn = {978-1-906124-04-5},
 location = {Liverpool, United Kingdom},
 pages = {45--53},
 numpages = {9},
 url = {http://dl.acm.org/citation.cfm?id=1531514.1531521},
 acmid = {1531521},
 publisher = {British Computer Society},
 address = {Swinton, UK, UK},
 keywords = {design for children, head-up games, pervasive technology},
} 

@inproceedings{heartbeat,
 author = {Magielse, Remco and Markopoulos, Panos},
 title = {HeartBeat: An Outdoor Pervasive Game for Children},
 booktitle = {Proceedings of the SIGCHI Conference on Human Factors in Computing Systems},
 series = {CHI '09},
 year = {2009},
 isbn = {978-1-60558-246-7},
 location = {Boston, MA, USA},
 pages = {2181--2184},
 numpages = {4},
 url = {http://doi.acm.org/10.1145/1518701.1519033},
 doi = {10.1145/1518701.1519033},
 acmid = {1519033},
 publisher = {ACM},
 address = {New York, NY, USA},
 keywords = {head up games, interaction design and children, pervasive games, physiological sensing},
}

@misc{pulse,
  title = {{Pulse}},
  author = "{Landscape Structures}",
  howpublished = "\url{https://www.playlsi.com/en/commercial-playground-equipment/playground-components/pulse-tennis}"
}